@string{PRL =   "Phys. Rev. Lett."}
@string{PoP =   "Phys. Plasmas"}
@string{PoF =   "Phys. Fluids"}
@string{PFB =   "Phys. Fluids B"}
@string{NF =   "Nucl. Fusion"}
@string{PPCF =   "Plasma Phys. Controlled Fusion"}
@string{RMP =   "Rev. Mod. Phys."}
@string{CPP =   "Contrib. Plasma Phys."}
@string{JCP =   "J. Comp. Phys."}
@string{JPP =   "J. Plasma Phys."}
@string{RPP =   "Rep. Prog. Phys."}

@Article{GB1,
 author="D A Garren and A H Boozer",
 journal =      PFB,
 year =         1991,
 volume =       3,
 pages =        2805,
 title = {Magnetic field strength of toroidal plasma equilibria}
}

@Article{GB2,
 author="D A Garren and A H Boozer",
 journal =      PFB,
 year =         1991,
 volume =       3,
 pages =        2822,
 title = {Existence of quasihelically symmetric stellarators}
}

@Article{PaperII,
 author="M Landreman and W Sengupta and G G Plunk",
 title = {{Direct construction of optimized stellarator shapes. II. Numerical quasisymmetric solutions}},
 journal = JPP,
 volume = 85,
 pages = 905850103,
 year =         2019
}
